<?xml version="1.0" encoding="UTF-8"?>
  <record xmlns="http://www.loc.gov/MARC21/slim" type="Authority">
    <leader>00000nz  a2200000nc 4500</leader>
    <controlfield tag="001">131826875</controlfield>
    <controlfield tag="003">DE-101</controlfield>
    <controlfield tag="005">20190227111237.0</controlfield>
    <controlfield tag="008">060707n||azznnaabn           | aaa    |c</controlfield>
    <datafield tag="024" ind1="7" ind2=" ">
      <subfield code="a">131826875</subfield>
      <subfield code="0">http://d-nb.info/gnd/131826875</subfield>
      <subfield code="2">gnd</subfield>
    </datafield>
    <datafield tag="035" ind1=" " ind2=" ">
      <subfield code="a">(DE-101)131826875</subfield>
    </datafield>
    <datafield tag="035" ind1=" " ind2=" ">
      <subfield code="a">(DE-588)131826875</subfield>
    </datafield>
    <datafield tag="035" ind1=" " ind2=" ">
      <subfield code="z">(DE-588a)131826875</subfield>
      <subfield code="9">v:zg</subfield>
    </datafield>
    <datafield tag="035" ind1=" " ind2=" ">
      <subfield code="z">(DE-588c)7548923-5</subfield>
      <subfield code="9">v:zg</subfield>
    </datafield>
    <datafield tag="040" ind1=" " ind2=" ">
      <subfield code="a">DE-30</subfield>
      <subfield code="c">DE-30</subfield>
      <subfield code="9">r:DE-30</subfield>
      <subfield code="b">ger</subfield>
      <subfield code="d">0517</subfield>
    </datafield>
    <datafield tag="042" ind1=" " ind2=" ">
      <subfield code="a">gnd1</subfield>
    </datafield>
    <datafield tag="043" ind1=" " ind2=" ">
      <subfield code="c">XA-IT</subfield>
      <subfield code="c">XY</subfield>
    </datafield>
    <datafield tag="065" ind1=" " ind2=" ">
      <subfield code="a">3.1p</subfield>
      <subfield code="2">sswd</subfield>
    </datafield>
    <datafield tag="075" ind1=" " ind2=" ">
      <subfield code="b">p</subfield>
      <subfield code="2">gndgen</subfield>
    </datafield>
    <datafield tag="075" ind1=" " ind2=" ">
      <subfield code="b">piz</subfield>
      <subfield code="2">gndspec</subfield>
    </datafield>
    <datafield tag="079" ind1=" " ind2=" ">
      <subfield code="a">g</subfield>
      <subfield code="q">f</subfield>
      <subfield code="q">s</subfield>
    </datafield>
    <datafield tag="100" ind1="1" ind2=" ">
      <subfield code="a">Fano, Menahem Azariah &#152;da&#156;</subfield>
      <subfield code="d">1548-1620</subfield>
    </datafield>
    <datafield tag="400" ind1="1" ind2=" ">
      <subfield code="a">Fano, Menaḥem ʿAzaryah &#152;mi-&#156;</subfield>
      <subfield code="d">1548-1620</subfield>
    </datafield>
    <datafield tag="400" ind1="1" ind2=" ">
      <subfield code="a">Fano, Menaḥem ʿAzaryah &#152;da&#156;</subfield>
      <subfield code="d">1548-1620</subfield>
    </datafield>
    <datafield tag="400" ind1="1" ind2=" ">
      <subfield code="a">Fano, Menaḥem ʿAzarya &#152;da&#156;</subfield>
      <subfield code="d">1548-1620</subfield>
    </datafield>
    <datafield tag="400" ind1="1" ind2=" ">
      <subfield code="a">Fano, Menaḥem ʿAzarja &#152;da&#156;</subfield>
      <subfield code="d">1548-1620</subfield>
    </datafield>
    <datafield tag="400" ind1="1" ind2=" ">
      <subfield code="a">Fano, Menachem Azarya &#152;da&#156;</subfield>
      <subfield code="d">1548-1620</subfield>
    </datafield>
    <datafield tag="400" ind1="1" ind2=" ">
      <subfield code="a">Fano, Menachem Asarja &#152;da&#156;</subfield>
      <subfield code="d">1548-1620</subfield>
    </datafield>
    <datafield tag="400" ind1="1" ind2=" ">
      <subfield code="a">Fano, Menahem Azariah &#152;da&#156;</subfield>
      <subfield code="c">Talmudist, Kabbalist</subfield>
      <subfield code="d">1548-1620</subfield>
    </datafield>
    <datafield tag="400" ind1="1" ind2=" ">
      <subfield code="a">Fano, ʿImanuʾel &#152;da&#156;</subfield>
      <subfield code="d">1548-1620</subfield>
    </datafield>
    <datafield tag="400" ind1="1" ind2=" ">
      <subfield code="a">Fano, Immanuel &#152;da&#156;</subfield>
      <subfield code="d">1548-1620</subfield>
    </datafield>
    <datafield tag="400" ind1="1" ind2=" ">
      <subfield code="a">Da Fano, Menahem Azariah</subfield>
      <subfield code="d">1548-1620</subfield>
    </datafield>
    <datafield tag="400" ind1="1" ind2=" ">
      <subfield code="a">Da Fano, Menachem Azariyah</subfield>
      <subfield code="c">Talmudist, Kabbalist</subfield>
      <subfield code="d">1548-1620</subfield>
    </datafield>
    <datafield tag="400" ind1="1" ind2=" ">
      <subfield code="a">Azaryah, Menaḥem</subfield>
      <subfield code="d">1548-1620</subfield>
    </datafield>
    <datafield tag="400" ind1="1" ind2=" ">
      <subfield code="a">ʿAzarjā, Menāḥēm</subfield>
      <subfield code="d">1548-1620</subfield>
    </datafield>
    <datafield tag="400" ind1="1" ind2=" ">
      <subfield code="a">ʿA., M.</subfield>
      <subfield code="d">1548-1620</subfield>
    </datafield>
    <datafield tag="400" ind1="1" ind2=" ">
      <subfield code="a">M., ʿA.</subfield>
      <subfield code="d">1548-1620</subfield>
    </datafield>
    <datafield tag="400" ind1="0" ind2=" ">
      <subfield code="a">Menaḥem ʿAzaryah</subfield>
      <subfield code="c">mi-Fano</subfield>
      <subfield code="d">1548-1620</subfield>
    </datafield>
    <datafield tag="400" ind1="0" ind2=" ">
      <subfield code="a">Menāḥēm ʿAzaryā</subfield>
      <subfield code="c">mi-Fano</subfield>
      <subfield code="d">1548-1620</subfield>
    </datafield>
    <datafield tag="400" ind1="0" ind2=" ">
      <subfield code="a">Menāḥēm ʿAzarjā</subfield>
      <subfield code="c">mi-Fano</subfield>
      <subfield code="d">1548-1620</subfield>
    </datafield>
    <datafield tag="400" ind1="0" ind2=" ">
      <subfield code="a">Menaḥem ʿAzarja mi-Fano</subfield>
      <subfield code="c">Talmudist, Kabbalist</subfield>
      <subfield code="d">1548-1620</subfield>
    </datafield>
    <datafield tag="400" ind1="0" ind2=" ">
      <subfield code="a">Menahem Azario mi-Fano</subfield>
      <subfield code="d">1548-1620</subfield>
    </datafield>
    <datafield tag="400" ind1="0" ind2=" ">
      <subfield code="a">Menaḥem ʿAzaryah</subfield>
      <subfield code="c">da Fano</subfield>
      <subfield code="d">1548-1620</subfield>
    </datafield>
    <datafield tag="400" ind1="0" ind2=" ">
      <subfield code="a">Menāḥēm ʿAzaryā</subfield>
      <subfield code="c">da-Fano</subfield>
      <subfield code="d">1548-1620</subfield>
    </datafield>
    <datafield tag="400" ind1="0" ind2=" ">
      <subfield code="a">Menāḥēm ʿAzarjā</subfield>
      <subfield code="c">da-Fano</subfield>
      <subfield code="d">1548-1620</subfield>
    </datafield>
    <datafield tag="400" ind1="0" ind2=" ">
      <subfield code="a">Menahem Azariah</subfield>
      <subfield code="c">da Fano</subfield>
      <subfield code="d">1548-1620</subfield>
    </datafield>
    <datafield tag="400" ind1="0" ind2=" ">
      <subfield code="a">Menachem Asarja</subfield>
      <subfield code="c">da Fano</subfield>
      <subfield code="d">1548-1620</subfield>
    </datafield>
    <datafield tag="400" ind1="0" ind2=" ">
      <subfield code="a">Menachem-Asarja de Fano</subfield>
      <subfield code="d">1548-1620</subfield>
    </datafield>
    <datafield tag="400" ind1="0" ind2=" ">
      <subfield code="a">Menahem Azariah</subfield>
      <subfield code="c">of Fano</subfield>
      <subfield code="d">1548-1620</subfield>
    </datafield>
    <datafield tag="400" ind1="0" ind2=" ">
      <subfield code="a">Menachem Azarya</subfield>
      <subfield code="d">1548-1620</subfield>
    </datafield>
    <datafield tag="400" ind1="0" ind2=" ">
      <subfield code="a">Menahem ʿImanuʾel</subfield>
      <subfield code="d">1548-1620</subfield>
    </datafield>
    <datafield tag="400" ind1="0" ind2=" ">
      <subfield code="a">Menaḥem ʿImanuʾel</subfield>
      <subfield code="d">1548-1620</subfield>
    </datafield>
    <datafield tag="400" ind1="0" ind2=" ">
      <subfield code="a">Ramah</subfield>
      <subfield code="d">1548-1620</subfield>
    </datafield>
    <datafield tag="400" ind1="0" ind2=" ">
      <subfield code="a">Ramʺa</subfield>
      <subfield code="d">1548-1620</subfield>
    </datafield>
    <datafield tag="400" ind1="0" ind2=" ">
      <subfield code="a">Ramah</subfield>
      <subfield code="c">Rabbiner</subfield>
      <subfield code="d">1548-1620</subfield>
    </datafield>
    <datafield tag="400" ind1="0" ind2=" ">
      <subfield code="a">Rama</subfield>
      <subfield code="c">Rabbiner</subfield>
      <subfield code="d">1548-1620</subfield>
    </datafield>
    <datafield tag="400" ind1="0" ind2=" ">
      <subfield code="a">Ramaʿ</subfield>
      <subfield code="c">mi-Fano</subfield>
      <subfield code="d">1548-1620</subfield>
    </datafield>
    <datafield tag="400" ind1="0" ind2=" ">
      <subfield code="a">ʿEzra</subfield>
      <subfield code="c">mi-Fano</subfield>
      <subfield code="d">1548-1620</subfield>
    </datafield>
    <datafield tag="400" ind1="0" ind2=" ">
      <subfield code="a">Ezra mi-Fano</subfield>
      <subfield code="d">1548-1620</subfield>
    </datafield>
    <datafield tag="400" ind1="0" ind2=" ">
      <subfield code="a">Ezra mi-Fano</subfield>
      <subfield code="c">Talmudist, Kabbalist</subfield>
      <subfield code="d">1548-1620</subfield>
    </datafield>
    <datafield tag="400" ind1="0" ind2=" ">
      <subfield code="a">ʿImanuʾel</subfield>
      <subfield code="c">da Fano</subfield>
      <subfield code="d">1548-1620</subfield>
    </datafield>
    <datafield tag="400" ind1="0" ind2=" ">
      <subfield code="a">Immanuel da Fano</subfield>
      <subfield code="d">1548-1620</subfield>
    </datafield>
    <datafield tag="400" ind1="1" ind2=" ">
      <subfield code="9">U:Hebr</subfield>
      <subfield code="a">פאנו, מנחם עזריה בן יצחק ברכיה</subfield>
      <subfield code="d">1548-1620</subfield>
      <subfield code="9">v:JNUL</subfield>
    </datafield>
    <datafield tag="400" ind1="1" ind2=" ">
      <subfield code="9">U:Hebr</subfield>
      <subfield code="a">פאנו, מנחם עזריה</subfield>
      <subfield code="c">דה</subfield>
      <subfield code="d">1548-1620</subfield>
    </datafield>
    <datafield tag="400" ind1="1" ind2=" ">
      <subfield code="9">U:Hebr</subfield>
      <subfield code="a">פאנו, מנחם עזריה</subfield>
      <subfield code="d">1548-1620</subfield>
    </datafield>
    <datafield tag="400" ind1="1" ind2=" ">
      <subfield code="9">U:Hebr</subfield>
      <subfield code="a">פאנו, מנחם עזריה מ</subfield>
      <subfield code="d">1548-1620</subfield>
      <subfield code="5">DE-603</subfield>
    </datafield>
    <datafield tag="400" ind1="1" ind2=" ">
      <subfield code="9">U:Hebr</subfield>
      <subfield code="a">פאנו, מנחם עזריה</subfield>
      <subfield code="c">מ־</subfield>
      <subfield code="d">1548-1620</subfield>
    </datafield>
    <datafield tag="400" ind1="1" ind2=" ">
      <subfield code="9">U:Hebr</subfield>
      <subfield code="a">פאנו, מנחם עזריה</subfield>
      <subfield code="c">דא</subfield>
      <subfield code="d">1548-1620</subfield>
    </datafield>
    <datafield tag="400" ind1="1" ind2=" ">
      <subfield code="9">U:Hebr</subfield>
      <subfield code="a">פאנו, מנחם אזריה</subfield>
      <subfield code="c">דא</subfield>
      <subfield code="d">1548-1620</subfield>
    </datafield>
    <datafield tag="400" ind1="1" ind2=" ">
      <subfield code="9">U:Hebr</subfield>
      <subfield code="a">פאנו, מנחם אזריה</subfield>
      <subfield code="d">1548-1620</subfield>
    </datafield>
    <datafield tag="400" ind1="1" ind2=" ">
      <subfield code="9">U:Hebr</subfield>
      <subfield code="a">פנו, מנחם עזריה</subfield>
      <subfield code="c">דה</subfield>
      <subfield code="d">1548-1620</subfield>
    </datafield>
    <datafield tag="400" ind1="1" ind2=" ">
      <subfield code="9">U:Hebr</subfield>
      <subfield code="a">פנו, מנחם עזריה</subfield>
      <subfield code="d">1548-1620</subfield>
    </datafield>
    <datafield tag="400" ind1="1" ind2=" ">
      <subfield code="9">U:Hebr</subfield>
      <subfield code="a">פנו, מנחם אזריה</subfield>
      <subfield code="d">1548-1620</subfield>
    </datafield>
    <datafield tag="400" ind1="1" ind2=" ">
      <subfield code="9">U:Hebr</subfield>
      <subfield code="a">מפאנו, מנחם עזריה</subfield>
      <subfield code="d">1548-1620</subfield>
    </datafield>
    <datafield tag="400" ind1="1" ind2=" ">
      <subfield code="9">U:Hebr</subfield>
      <subfield code="a">עזריה, מנחם</subfield>
      <subfield code="d">1548-1620</subfield>
      <subfield code="5">DE-603</subfield>
    </datafield>
    <datafield tag="400" ind1="0" ind2=" ">
      <subfield code="9">U:Hebr</subfield>
      <subfield code="a">מנחם</subfield>
      <subfield code="d">1548-1620</subfield>
    </datafield>
    <datafield tag="400" ind1="0" ind2=" ">
      <subfield code="9">U:Hebr</subfield>
      <subfield code="a">מנחם עזרי׳</subfield>
      <subfield code="d">1548-1620</subfield>
    </datafield>
    <datafield tag="400" ind1="0" ind2=" ">
      <subfield code="9">U:Hebr</subfield>
      <subfield code="a">מנחם עזרי׳</subfield>
      <subfield code="c">מפאנו</subfield>
      <subfield code="d">1548-1620</subfield>
    </datafield>
    <datafield tag="400" ind1="0" ind2=" ">
      <subfield code="9">U:Hebr</subfield>
      <subfield code="a">מנחם עזרי׳ מפאנו</subfield>
      <subfield code="d">1548-1620</subfield>
    </datafield>
    <datafield tag="400" ind1="0" ind2=" ">
      <subfield code="9">U:Hebr</subfield>
      <subfield code="a">מנחם עזריה</subfield>
      <subfield code="d">1548-1620</subfield>
      <subfield code="5">DE-603</subfield>
    </datafield>
    <datafield tag="400" ind1="0" ind2=" ">
      <subfield code="9">U:Hebr</subfield>
      <subfield code="a">מנחם עזריה</subfield>
      <subfield code="c">מפאנו</subfield>
      <subfield code="d">1548-1620</subfield>
    </datafield>
    <datafield tag="400" ind1="0" ind2=" ">
      <subfield code="9">U:Hebr</subfield>
      <subfield code="a">מנחם עזריה מפאנו</subfield>
      <subfield code="d">1548-1620</subfield>
      <subfield code="5">DE-603</subfield>
    </datafield>
    <datafield tag="400" ind1="0" ind2=" ">
      <subfield code="9">U:Hebr</subfield>
      <subfield code="a">מנחם עמנואל</subfield>
      <subfield code="d">1548-1620</subfield>
    </datafield>
    <datafield tag="400" ind1="0" ind2=" ">
      <subfield code="9">U:Hebr</subfield>
      <subfield code="a">עזרא</subfield>
      <subfield code="c">מפאנו</subfield>
      <subfield code="d">1548-1620</subfield>
    </datafield>
    <datafield tag="400" ind1="0" ind2=" ">
      <subfield code="9">U:Hebr</subfield>
      <subfield code="a">הרמ״ע</subfield>
      <subfield code="d">1548-1620</subfield>
    </datafield>
    <datafield tag="400" ind1="0" ind2=" ">
      <subfield code="9">U:Hebr</subfield>
      <subfield code="a">רמ״ע</subfield>
      <subfield code="d">1548-1620</subfield>
    </datafield>
    <datafield tag="400" ind1="0" ind2=" ">
      <subfield code="9">U:Hebr</subfield>
      <subfield code="a">רמ״ע</subfield>
      <subfield code="c">מפאנו</subfield>
      <subfield code="d">1548-1620</subfield>
    </datafield>
    <datafield tag="400" ind1="1" ind2=" ">
      <subfield code="9">U:Hebr</subfield>
      <subfield code="a">פאנו, רמ״ע</subfield>
      <subfield code="d">1548-1620</subfield>
    </datafield>
    <datafield tag="548" ind1=" " ind2=" ">
      <subfield code="a">1548-1620</subfield>
      <subfield code="4">datl</subfield>
      <subfield code="4">https://d-nb.info/standards/elementset/gnd#dateOfBirthAndDeath</subfield>
      <subfield code="w">r</subfield>
      <subfield code="i">Lebensdaten</subfield>
    </datafield>
    <datafield tag="550" ind1=" " ind2=" ">
      <subfield code="0">(DE-101)042935938</subfield>
      <subfield code="0">(DE-588)4293593-3</subfield>
      <subfield code="0">https://d-nb.info/gnd/4293593-3</subfield>
      <subfield code="a">Talmudist</subfield>
      <subfield code="4">berc</subfield>
      <subfield code="4">https://d-nb.info/standards/elementset/gnd#professionOrOccupation</subfield>
      <subfield code="w">r</subfield>
      <subfield code="i">Charakteristischer Beruf</subfield>
    </datafield>
    <datafield tag="550" ind1=" " ind2=" ">
      <subfield code="a">Kabbalist</subfield>
      <subfield code="4">beru</subfield>
      <subfield code="4">https://d-nb.info/standards/elementset/gnd#professionOrOccupation</subfield>
      <subfield code="w">r</subfield>
      <subfield code="i">Beruf</subfield>
    </datafield>
    <datafield tag="667" ind1=" " ind2=" ">
      <subfield code="a">Red. SSG</subfield>
    </datafield>
    <datafield tag="670" ind1=" " ind2=" ">
      <subfield code="a">LCAuth</subfield>
    </datafield>
    <datafield tag="670" ind1=" " ind2=" ">
      <subfield code="a">LCAuth + Translit. n. KIDS</subfield>
    </datafield>
    <datafield tag="678" ind1=" " ind2=" ">
      <subfield code="b">Ital. Talmudist und Kabbalist</subfield>
    </datafield>
    <datafield tag="700" ind1="1" ind2="7">
      <subfield code="a">Fano, Menahem Azariah da</subfield>
      <subfield code="d">1548-1620</subfield>
      <subfield code="0">(DLC)n 80009807</subfield>
      <subfield code="2">naf</subfield>
      <subfield code="9">v:1548-1620</subfield>
    </datafield>
    <datafield tag="700" ind1="1" ind2="4">
      <subfield code="9">U:Hebr</subfield>
      <subfield code="a">פאנו, מנחם עזריה &#152;דה&#156;</subfield>
      <subfield code="d">1548-1620</subfield>
    </datafield>
    <datafield tag="700" ind1="1" ind2="4">
      <subfield code="9">U:Hebr</subfield>
      <subfield code="a">מנחם עזריה</subfield>
      <subfield code="c">מפאנו</subfield>
      <subfield code="d">1548-1620</subfield>
      <subfield code="5">DE-576</subfield>
      <subfield code="9">v:Original</subfield>
    </datafield>
    <datafield tag="913" ind1=" " ind2=" ">
      <subfield code="S">pnd</subfield>
      <subfield code="i">a</subfield>
      <subfield code="a">Fano, Menahem Azariah /da</subfield>
      <subfield code="0">(DE-588a)131826875</subfield>
    </datafield>
  </record>
